%% This BibTeX bibliography file was created using BibDesk.
%% http://bibdesk.sourceforge.net/


%% Created for Brendan Dolan-Gavitt at 2015-09-21 19:37:43 -0400 


%% Saved with string encoding Unicode (UTF-8) 



@inproceedings{Rinard:2005,
	Acmid = {1094866},
	Address = {New York, NY, USA},
	Author = {Rinard, Martin and Cadar, Cristian and Nguyen, Huu Hai},
	Booktitle = {Companion to the 20th Annual ACM SIGPLAN Conference on Object-oriented Programming, Systems, Languages, and Applications},
	Date-Added = {2015-09-21 23:37:39 +0000},
	Date-Modified = {2015-09-21 23:37:42 +0000},
	Doi = {10.1145/1094855.1094866},
	Isbn = {1-59593-193-7},
	Keywords = {acceptability-oriented computing, failure-oblivious computing},
	Location = {San Diego, CA, USA},
	Numpages = {10},
	Pages = {21--30},
	Publisher = {ACM},
	Series = {OOPSLA '05},
	Title = {Exploring the Acceptability Envelope},
	Url = {http://doi.acm.org/10.1145/1094855.1094866},
	Year = {2005},
	Bdsk-Url-1 = {http://doi.acm.org/10.1145/1094855.1094866},
	Bdsk-Url-2 = {http://dx.doi.org/10.1145/1094855.1094866}}

@inproceedings{Kass:2005,
	Author = {Michael Kass},
	Booktitle = {Workshop on the Evaluation of Software Defect Detection Tools},
	Date-Added = {2015-09-21 21:32:57 +0000},
	Date-Modified = {2015-09-21 21:33:24 +0000},
	Title = {{NIST} Software Assurance Metrics and Tool Evaluation ({SAMATE}) Project},
	Year = {2005}}

@inproceedings{Foster:2005,
	Author = {Jeffrey Foster},
	Booktitle = {Workshop on the Evaluation of Software Defect Detection Tools},
	Date-Added = {2015-09-21 21:32:28 +0000},
	Date-Modified = {2015-09-21 21:32:39 +0000},
	Title = {A Call for a Public Bug and Tool Registry},
	Year = {2005}}

@inproceedings{Meftah:2005,
	Author = {Barmak Meftah},
	Booktitle = {Workshop on the Evaluation of Software Defect Detection Tools},
	Date-Added = {2015-09-21 21:31:58 +0000},
	Date-Modified = {2015-09-21 21:36:30 +0000},
	Title = {Benchmarking Bug Detection Tools},
	Year = {2005}}

@inproceedings{Lu:2005,
	Author = {Shan Lu and Zhenmin Li and Feng Qin and Lin Tan and Pin Zhou and Yuanyuan Zhou},
	Booktitle = {Workshop on the Evaluation of Software Defect Detection Tools},
	Date-Added = {2015-09-21 21:31:24 +0000},
	Date-Modified = {2015-09-21 21:31:55 +0000},
	Title = {BugBench: A Benchmark for Evaluating Bug Detection Tools},
	Year = {2005}}

@inproceedings{Zhivich:2005,
	Author = {Michael Zhivich and Tim Leek and Richard Lippmann},
	Booktitle = {Workshop on the Evaluation of Software Defect Detection Tools},
	Date-Added = {2015-09-21 21:30:29 +0000},
	Date-Modified = {2015-09-21 21:31:00 +0000},
	Title = {Dynamic Buffer Overflow Detection},
	Year = {2005}}

@inproceedings{Wilander:2003,
	Author = {John Wilander and Mariam Kamkar},
	Booktitle = {Proceedings of the 10th Network and Distributed System Security Symposium (NDSS)},
	Date-Added = {2015-09-18 18:07:47 +0000},
	Date-Modified = {2015-09-18 18:08:45 +0000},
	Title = {A Comparison of Publicly Available Tools for Dynamic Buffer Overflow Prevention},
	Year = {2003}}

@inproceedings{Wilander:2002,
	Author = {John Wilander and Mariam Kamkar},
	Booktitle = {Proceedings of the 7th Nordic Workshop on Secure IT Systems},
	Date-Added = {2015-09-18 18:06:41 +0000},
	Date-Modified = {2015-09-18 18:07:42 +0000},
	Title = {A Comparison of Publicly Available Tools for Static Intrusion Prevention},
	Year = {2002}}

@inproceedings{Spacco:2005,
	Author = {Jaime Spacco and David Hovemeyer and William Pugh},
	Booktitle = {Workshop on the Evaluation of Software Defect Detection Tools},
	Date-Added = {2015-09-18 17:13:51 +0000},
	Date-Modified = {2015-09-18 17:15:05 +0000},
	Title = {Bug Specimens are Important},
	Year = {2005}}

@inproceedings{Zitser:2004,
	Acmid = {1029911},
	Address = {New York, NY, USA},
	Author = {Zitser, Misha and Lippmann, Richard and Leek, Tim},
	Booktitle = {Proceedings of the 12th ACM SIGSOFT Twelfth International Symposium on Foundations of Software Engineering},
	Date-Added = {2015-09-18 17:01:24 +0000},
	Date-Modified = {2015-09-18 17:01:26 +0000},
	Doi = {10.1145/1029894.1029911},
	Isbn = {1-58113-855-5},
	Keywords = {buffer overflow, evaluation, exploit, false alarm, security, source code, static analysis, test detection},
	Location = {Newport Beach, CA, USA},
	Numpages = {10},
	Pages = {97--106},
	Publisher = {ACM},
	Series = {SIGSOFT '04/FSE-12},
	Title = {Testing Static Analysis Tools Using Exploitable Buffer Overflows from Open Source Code},
	Url = {http://doi.acm.org/10.1145/1029894.1029911},
	Year = {2004},
	Bdsk-Url-1 = {http://doi.acm.org/10.1145/1029894.1029911},
	Bdsk-Url-2 = {http://dx.doi.org/10.1145/1029894.1029911}}
